@online{Ejemplo,
    title = {Ejemplo de referencia bibliografica},
    author = {{Autor}},
    url = {https://www.google.com},
    year = {2023},
    month = {01},
    day = {01},
    urldate = {2023-01-01}
}

@online{Ejemplo2,
    title = {Ejemplo 2 de referencia bibliografica},
    author = {{Autor2 and Autor3}},
    url = {https://www.google.com},
    year = {2023},
    month = {01},
    day = {01},
    urldate = {2023-01-01}
}