@online{Stroustrup2013,
    title = {The C Programming Language: Special Edition for Beginners. Addison-Wesley.},
    author = {Stroustrup, B.},
    year = {2013},
    month = {June},
    day = {15},
    url = {https://www.amazon.com/C-Programming-Language-Special-Beginners/dp/B00K6FI0QM},
    urldate = {2024-12-01}
}

@online{Knuth1998,
    title = {The Art of Computer Programming, Volume 3: Sorting and Searching. Addison-Wesley.},
    author = {Knuth, D. E.},
    year = {1998},
    month = {November},
    day = {22},
    url = {https://www.oreilly.com/library/view/art-of-computer/9780321635792/title.xhtml},
    urldate = {2024-11-29}
}

@online{ISO2011,
    title = {Programming Languages - C (ISO/IEC 9899:2011)},
    author = {ISO/IEC},
    year = {2011},
    month = {December},
    day = {5},
    url = {https://www.iso.org/standard/57853.html},
    urldate = {2024-12-01}
}

@online{ApunteEstructuras,
    title = {DataStructure.pdf},
    author = {{Jose Canuman}},
    url = {https://github.com/jcanuman/Apunte_EDatos/blob/master/DataStructure.pdf},
    year = {2024},
    month = {12},
    day = {07},
    urldate = {2024-12-07}
}

@online{VideoYT,
    title = {video explicativo sobre los grafos y algoritmos de recorrido},
    author = {{BettaTech}},
    url = {https://www.youtube.com/watch?v=23pdz9VtIBo&t=1s},
    year = {2019},
    month = {09},
    day = {26},
    urldate = {2019-09-26}
}

@online{Algoritmos1,
    title = {Algoritmos de similiridad},
    author = {{Grapheverywhere}},
    url = {https://www.grapheverywhere.com/algoritmos-de-similaridad/#:~:text=Los%20algoritmos%20de%20similaridad%20o%20algoritmos%20de%20similitud%2C,o%20compatibilidades%20que%20existen%20entre%20conjuntos%20de%20datos.},
    year = {2023},
    month = {01},
    day = {01},
    urldate = {2023-01-01}
}
@online{IndicedeJaccard1,
    title = {Índice Jaccard / Coeficiente de similitud},
    author = {{Luis Benites}},
    url = {https://statologos.com/indice-jaccard/}
}
@online{Similaridaddelcoseno1,
    title = {Similitud entre vectores o cosine similarity},
    author = {{Sandra Navarro}},
    url = {https://keepcoding.io/blog/similitud-entre-vectores-o-cosine-similarity/},
    year = {2024},
    month = {04},
    day = {12},
    urldate = {2021-04-12}
}
@online{Similaridaddelcoseno2,
    title = {Comprensión de la similitud del coseno y su aplicación},
    author = {{ITCHI.PRO}},
    url = {https://ichi.pro/es/comprension-de-la-similitud-del-coseno-y-su-aplicacion-278464028813674}
}
@online{Similaridaddelcoseno3,
    title = {Speech and Language Processing(3rd ed.)},
    author = {{Daniel Jurafsky y James H. Martin}},
    url = {https://web.stanford.edu/~jurafsky/slp3/6.pdf},
    year = {2024},
    month = {08},
    day = {20},
    urldate = {2024-08-20}
}
@online{SimilaridaddePearson1,
    title = {Similitud de datos revelando conexiones con el coeficiente de Pearson},
    author = {{Faster capital}},
    url = {https://fastercapital.com/es/contenido/Similitud-de-datos--revelando-conexiones-con-el-coeficiente-de-Pearson.html},
    year = {2024},
    month = {06},
    day = {04},
    urldate = {2024-06-04}
}
@online{SimilaridaddePearson2,
    title = {Ejemplos del coeficiente de correlación de Pearson},
    author = {{Eragroup}},
    url = {https://eragroup.eu/ejemplos-del-coeficiente-de-correlacion-de-pearson/},
    year = {2020},
    month = {11},
    day = {17},
    urldate = {2020-11-17}
}
@online{Coeficientededice1,
    title = {Dice similarity coefficient},
    author = {{Daniel J Bell}},
    url = {https://radiopaedia.org/articles/dice-similarity-coefficient},
    year = {2021},
    month = {08},
    day = {02},
    urldate = {2021-08-02}
}
@online{Algoritmos2,
    title = {Comparison of Jaccard, Dice, Cosine Similarity Coefficient To Find Best Fitness Value for Web Retrieved Documents Using Genetic Algorithm},
    author = {{(IJIET) International Journal of Innovations in Engineering and Technology (IJIET) }},
    url = {https://www.semanticscholar.org/paper/International-Journal-of-Innovations-in-Engineering/8575e8beef47bd2880c92f54a749f933db983e56},
    year = {2020},
    urldate = {2020}
}
@online{Coeficientededice2,
    title = {Analítica y Visualización de Datos - Similitud DICE o Coeficiente de Sørensen y Similitud de Jaccard},
    author = {{Miguel Jesús Torres Ruiz}},
    url = {https://www.youtube.com/watch?v=7wVgYmvvyCM},
    year = {2024},
    month = {03},
    day = {18},
    urldate = {2024-03-18}
}
@online{Coeficientededice3,
    title = {Dice Coefficient! What is it?},
    author = {{lathashreeharisha}},
    url = {https://medium.com/@lathashreeh/dice-coefficient-what-is-it-ff090ec97bda},
    year = {2023},
    month = {02},
    day = {18},
    urldate = {2023-02-18}
}
@online{Vecinosproximos,
    title = {¿Cómo funciona el algoritmo de vecinos más próximos},
    author = {{Sandra Navarro}},
    url = {https://keepcoding.io/blog/algoritmo-de-vecinos-mas-proximos/},
    year = {2024},
    month = {10},
    day = {24},
    urldate = {2024-10-14}
}
@online{acadamicadar,
    title = {Adamic-Adar Index)},
    author = {{Linear Algebra for Data Science}},
    url = {https://library.fiveable.me/key-terms/linear-algebra-for-data-science/adamic-adar-index},
}

@online{APIreference,
    title = {API reference},
    author = {Jansson},
    url = {https://jansson.readthedocs.io/en/latest/apiref.html#encoding},
    year = {2023},
    month = {06},
    day = {18},
    urldate = {2024-11-27}
}

@online{Hostinger,
    title = {¿Qué es JSON?},
    author = {Deyimar A},
    url = {https://www.hostinger.es/tutoriales/que-es-json},
    year = {2023},
    month = {01},
    day = {10},
    urldate = {2024-11-27}
}

@online{adobe,
    title = {Archivos de texto: diferentes formatos de texto y usos más comunes},
    author = {Adobe},
    url = {https://www.adobe.com/es/acrobat/resources/document-files/text-files.html#qu%C3%A9-es-un-archivo-de-texto},
    year = {},
    month = {},
    day = {},
    urldate = {2024-11-27}
}

@online{swhosting,
    title = {Introducción al Algoritmo de Ordenación Merge Sort},
    author = {{SW Team}},
    url = {https://www.swhosting.com/es/blog/introduccion-al-algoritmo-de-ordenacion-merge-sort},
    year = {2024},
    month = {05},
    day = {01},
    urldate = {2024-12-04}
}

@online{asimov,
    title = {¿Qué es el algoritmo de Merge Sort ?},
    author = {{Daniel Ixbalanque}},
    url = {https://asimov.cloud/blog/programacion-5/que-es-el-algoritmo-de-merge-sort-270},
    year = {2024},
    month = {04},
    day = {01},
    urldate = {2024-12-04}
}


@online{programacioniiuno,
    title = {Algoritmo MergeSort},
    author = {{programacioniiuno}},
    url = {https://sites.google.com/site/programacioniiuno/temario/unidad-6---anlisis-de-algoritmos/algoritmo-mergesort},
    year = {2021},
    month = {04},
    day = {21},
    urldate = {2024-12-04}
}

@online{techiedelight,
    title = {Ordenar una lista doblemente enlazada usando la ordenación por combinación},
    author = {{techiedelight}},
    url = {https://www.techiedelight.com/es/sort-doubly-linked-list-merge-sort/},
    year = {2021},
    month = {10},
    day = {08},
    urldate = {2024-12-04}
}

@online{pacoluisger,
    title = {Merge Sort en lista enlazada},
    author = {{Gerardo Acevedo Arzola}},
    url = {https://pacoluisger.wixsite.com/estructurasdatosc/post/merge-sort},
    year = {2018},
    month = {11},
    day = {19},
    urldate = {2024-12-04}
}

@online{inesem,
    title = {El análisis de redes sociales mediante la teoría de grafos},
    author = {{Paula Rochina}},
    url = {https://www.inesem.es/revistadigital/informatica-y-tics/teoria-grafos/},
    urldate = {2024-11-24}
}

@online{metricool,
    title = {Así funciona el algoritmo de X, el nuevo Twitter},
    author = {Carlos Bravo},
    url = {https://metricool.com/es/al-descubierto-el-algoritmo-de-x/},
    urldate = {2024-11-24}
}

@online{facebook,
    title = {"Personas que quizá conozcas" en Facebook},
    author = {Facebook},
    url = {https://facebook.com/help/163810437015615/?locale=es_LA&_rdc=1&_rdr},
    urldate = {2024-11-24}
}

@online{spotify,
    title = {Comprender las recomendaciones en Spotify},
    author = {Spotify},
    url = {https://www.spotify.com/mx/safetyandprivacy/understanding-recommendations},
    urldate = {2024-11-24}
}

@online{elpais,
    title = {Por qué Bluesky es diferente: la libertad de elegir contenidos frente a la dictadura del algoritmo},
    author = {Jordi Pérez Colomé},
    url = {https://elpais.com/tecnologia/2024-11-22/por-que-bluesky-es-diferente-la-libertad-de-elegir-contenidos-frente-a-la-dictadura-del-algoritmo.html},
    urldate = {2024-11-24}
}

@online{xataka,
    title = {Guía de inicio a Bluesky: qué es, cómo funciona, qué son los feeds y cómo configurarlo},
    author = {Yúbal Fernández},
    url = {https://www.xataka.com/basics/guia-inicio-a-bluesky-que-como-funciona-que-feeds-como-configurarlo},
    urldate = {2024-11-24}
}